%YAML 1.1
%TAG !u! tag:unity3d.com,2011:
--- !u!29 &1
SceneSettings:
  m_ObjectHideFlags: 0
  m_PVSData: 
  m_PVSObjectsArray: []
  m_PVSPortalsArray: []
  m_OcclusionBakeSettings:
    smallestOccluder: 5
    smallestHole: 0.25
    backfaceThreshold: 100
--- !u!104 &2
RenderSettings:
  m_ObjectHideFlags: 0
  serializedVersion: 6
  m_Fog: 0
  m_FogColor: {r: 0.5, g: 0.5, b: 0.5, a: 1}
  m_FogMode: 3
  m_FogDensity: 0.01
  m_LinearFogStart: 0
  m_LinearFogEnd: 300
  m_AmbientSkyColor: {r: 0.212, g: 0.227, b: 0.259, a: 1}
  m_AmbientEquatorColor: {r: 0.114, g: 0.125, b: 0.133, a: 1}
  m_AmbientGroundColor: {r: 0.047, g: 0.043, b: 0.035, a: 1}
  m_AmbientIntensity: 1
  m_AmbientMode: 0
  m_SkyboxMaterial: {fileID: 10304, guid: 0000000000000000f000000000000000, type: 0}
  m_HaloStrength: 0.5
  m_FlareStrength: 1
  m_FlareFadeSpeed: 3
  m_HaloTexture: {fileID: 0}
  m_SpotCookie: {fileID: 10001, guid: 0000000000000000e000000000000000, type: 0}
  m_DefaultReflectionMode: 0
  m_DefaultReflectionResolution: 128
  m_ReflectionBounces: 1
  m_ReflectionIntensity: 1
  m_CustomReflection: {fileID: 0}
  m_Sun: {fileID: 0}
--- !u!157 &3
LightmapSettings:
  m_ObjectHideFlags: 0
  serializedVersion: 6
  m_GIWorkflowMode: 0
  m_LightmapsMode: 1
  m_GISettings:
    serializedVersion: 2
    m_BounceScale: 1
    m_IndirectOutputScale: 1
    m_AlbedoBoost: 1
    m_TemporalCoherenceThreshold: 1
    m_EnvironmentLightingMode: 0
    m_EnableBakedLightmaps: 1
    m_EnableRealtimeLightmaps: 1
  m_LightmapEditorSettings:
    serializedVersion: 3
    m_Resolution: 2
    m_BakeResolution: 40
    m_TextureWidth: 1024
    m_TextureHeight: 1024
    m_AOMaxDistance: 1
    m_Padding: 2
    m_CompAOExponent: 0
    m_LightmapParameters: {fileID: 0}
    m_TextureCompression: 1
    m_FinalGather: 0
    m_FinalGatherRayCount: 1024
    m_ReflectionCompression: 2
  m_LightingDataAsset: {fileID: 0}
  m_RuntimeCPUUsage: 25
--- !u!196 &4
NavMeshSettings:
  serializedVersion: 2
  m_ObjectHideFlags: 0
  m_BuildSettings:
    serializedVersion: 2
    agentRadius: 0.5
    agentHeight: 2
    agentSlope: 45
    agentClimb: 0.4
    ledgeDropHeight: 0
    maxJumpAcrossDistance: 0
    accuratePlacement: 0
    minRegionArea: 2
    cellSize: 0.16666667
    manualCellSize: 0
  m_NavMeshData: {fileID: 0}
--- !u!1 &13283959
GameObject:
  m_ObjectHideFlags: 0
  m_PrefabParentObject: {fileID: 185428, guid: bb434ec2e2a16460bb170855de429065, type: 2}
  m_PrefabInternal: {fileID: 0}
  serializedVersion: 4
  m_Component:
  - 4: {fileID: 13283961}
  - 114: {fileID: 13283960}
  m_Layer: 0
  m_Name: TrafficLightSet
  m_TagString: Untagged
  m_Icon: {fileID: 0}
  m_NavMeshLayer: 0
  m_StaticEditorFlags: 0
  m_IsActive: 1
--- !u!114 &13283960
MonoBehaviour:
  m_ObjectHideFlags: 0
  m_PrefabParentObject: {fileID: 11409434, guid: bb434ec2e2a16460bb170855de429065,
    type: 2}
  m_PrefabInternal: {fileID: 0}
  m_GameObject: {fileID: 13283959}
  m_Enabled: 1
  m_EditorHideFlags: 0
  m_Script: {fileID: 11500000, guid: 0cf65f2c32047432ba1e22704b8f6a75, type: 3}
  m_Name: 
  m_EditorClassIdentifier: 
  Lights: []
  redLight: 0
  greenLeft: 0
  greenStraight: 0
  greenRight: 0
--- !u!4 &13283961
Transform:
  m_ObjectHideFlags: 0
  m_PrefabParentObject: {fileID: 472826, guid: bb434ec2e2a16460bb170855de429065, type: 2}
  m_PrefabInternal: {fileID: 0}
  m_GameObject: {fileID: 13283959}
  m_LocalRotation: {x: 0, y: 0, z: 0, w: 1}
  m_LocalPosition: {x: 0, y: 0, z: 0}
  m_LocalScale: {x: 1, y: 1, z: 0.5}
  m_Children:
  - {fileID: 1049848988}
  - {fileID: 1645274193}
  - {fileID: 1673783187}
  m_Father: {fileID: 0}
  m_RootOrder: 3
--- !u!1 &151286760
GameObject:
  m_ObjectHideFlags: 0
  m_PrefabParentObject: {fileID: 0}
  m_PrefabInternal: {fileID: 0}
  serializedVersion: 4
  m_Component:
  - 4: {fileID: 151286762}
  - 108: {fileID: 151286761}
  m_Layer: 0
  m_Name: Directional Light
  m_TagString: Untagged
  m_Icon: {fileID: 0}
  m_NavMeshLayer: 0
  m_StaticEditorFlags: 0
  m_IsActive: 1
--- !u!108 &151286761
Light:
  m_ObjectHideFlags: 0
  m_PrefabParentObject: {fileID: 0}
  m_PrefabInternal: {fileID: 0}
  m_GameObject: {fileID: 151286760}
  m_Enabled: 1
  serializedVersion: 6
  m_Type: 1
  m_Color: {r: 1, g: 0.95686275, b: 0.8392157, a: 1}
  m_Intensity: 1
  m_Range: 10
  m_SpotAngle: 30
  m_CookieSize: 10
  m_Shadows:
    m_Type: 2
    m_Resolution: -1
    m_Strength: 1
    m_Bias: 0.05
    m_NormalBias: 0.4
    m_NearPlane: 0.2
  m_Cookie: {fileID: 0}
  m_DrawHalo: 0
  m_Flare: {fileID: 0}
  m_RenderMode: 0
  m_CullingMask:
    serializedVersion: 2
    m_Bits: 4294967295
  m_Lightmapping: 4
  m_BounceIntensity: 1
  m_ShadowRadius: 0
  m_ShadowAngle: 0
  m_AreaSize: {x: 1, y: 1}
--- !u!4 &151286762
Transform:
  m_ObjectHideFlags: 0
  m_PrefabParentObject: {fileID: 0}
  m_PrefabInternal: {fileID: 0}
  m_GameObject: {fileID: 151286760}
  m_LocalRotation: {x: 0.40821794, y: -0.23456973, z: 0.109381676, w: 0.87542605}
  m_LocalPosition: {x: 0, y: 3, z: 0}
  m_LocalScale: {x: 1, y: 1, z: 1}
  m_Children: []
  m_Father: {fileID: 0}
  m_RootOrder: 1
--- !u!1 &924627406
GameObject:
  m_ObjectHideFlags: 0
  m_PrefabParentObject: {fileID: 131108, guid: bb434ec2e2a16460bb170855de429065, type: 2}
  m_PrefabInternal: {fileID: 0}
  serializedVersion: 4
  m_Component:
  - 4: {fileID: 924627407}
  - 108: {fileID: 924627408}
  m_Layer: 0
  m_Name: Lights
  m_TagString: Untagged
  m_Icon: {fileID: 0}
  m_NavMeshLayer: 0
  m_StaticEditorFlags: 0
  m_IsActive: 1
--- !u!4 &924627407
Transform:
  m_ObjectHideFlags: 0
  m_PrefabParentObject: {fileID: 468608, guid: bb434ec2e2a16460bb170855de429065, type: 2}
  m_PrefabInternal: {fileID: 0}
  m_GameObject: {fileID: 924627406}
  m_LocalRotation: {x: 0, y: 0.7071068, z: 0, w: 0.7071067}
  m_LocalPosition: {x: -0, y: 1, z: 0}
  m_LocalScale: {x: 2, y: 2, z: 0.2}
  m_Children: []
  m_Father: {fileID: 1645274193}
  m_RootOrder: 0
--- !u!108 &924627408
Light:
  m_ObjectHideFlags: 0
  m_PrefabParentObject: {fileID: 10870680, guid: bb434ec2e2a16460bb170855de429065,
    type: 2}
  m_PrefabInternal: {fileID: 0}
  m_GameObject: {fileID: 924627406}
  m_Enabled: 1
  serializedVersion: 6
  m_Type: 0
  m_Color: {r: 0.8602941, g: 0, b: 0, a: 1}
  m_Intensity: 7.8
  m_Range: 2
  m_SpotAngle: 30
  m_CookieSize: 10
  m_Shadows:
    m_Type: 0
    m_Resolution: -1
    m_Strength: 1
    m_Bias: 0.05
    m_NormalBias: 0.4
    m_NearPlane: 0.2
  m_Cookie: {fileID: 0}
  m_DrawHalo: 1
  m_Flare: {fileID: 0}
  m_RenderMode: 0
  m_CullingMask:
    serializedVersion: 2
    m_Bits: 4294967295
  m_Lightmapping: 1
  m_BounceIntensity: 1
  m_ShadowRadius: 0
  m_ShadowAngle: 0
  m_AreaSize: {x: 1, y: 1}
--- !u!1 &1028744775
GameObject:
  m_ObjectHideFlags: 0
  m_PrefabParentObject: {fileID: 107718, guid: bb434ec2e2a16460bb170855de429065, type: 2}
  m_PrefabInternal: {fileID: 0}
  serializedVersion: 4
  m_Component:
  - 4: {fileID: 1028744776}
  - 108: {fileID: 1028744777}
  m_Layer: 0
  m_Name: greenLight
  m_TagString: Untagged
  m_Icon: {fileID: 0}
  m_NavMeshLayer: 0
  m_StaticEditorFlags: 0
  m_IsActive: 1
--- !u!4 &1028744776
Transform:
  m_ObjectHideFlags: 0
  m_PrefabParentObject: {fileID: 493368, guid: bb434ec2e2a16460bb170855de429065, type: 2}
  m_PrefabInternal: {fileID: 0}
  m_GameObject: {fileID: 1028744775}
  m_LocalRotation: {x: 0, y: 0.7071068, z: 0, w: 0.7071067}
  m_LocalPosition: {x: 0.5, y: 0.9, z: 0}
  m_LocalScale: {x: 2, y: 2, z: 0.19999999}
  m_Children: []
  m_Father: {fileID: 1049848988}
  m_RootOrder: 1
--- !u!108 &1028744777
Light:
  m_ObjectHideFlags: 0
  m_PrefabParentObject: {fileID: 10828938, guid: bb434ec2e2a16460bb170855de429065,
    type: 2}
  m_PrefabInternal: {fileID: 0}
  m_GameObject: {fileID: 1028744775}
  m_Enabled: 1
  serializedVersion: 6
  m_Type: 0
  m_Color: {r: 0.029665278, g: 0.8602941, b: 0, a: 1}
  m_Intensity: 8
  m_Range: 0.5
  m_SpotAngle: 30
  m_CookieSize: 10
  m_Shadows:
    m_Type: 0
    m_Resolution: -1
    m_Strength: 1
    m_Bias: 0.05
    m_NormalBias: 0.4
    m_NearPlane: 0.2
  m_Cookie: {fileID: 0}
  m_DrawHalo: 1
  m_Flare: {fileID: 0}
  m_RenderMode: 0
  m_CullingMask:
    serializedVersion: 2
    m_Bits: 4294967295
  m_Lightmapping: 1
  m_BounceIntensity: 8
  m_ShadowRadius: 0
  m_ShadowAngle: 0
  m_AreaSize: {x: 1, y: 1}
--- !u!1 &1049848987
GameObject:
  m_ObjectHideFlags: 0
  m_PrefabParentObject: {fileID: 198416, guid: bb434ec2e2a16460bb170855de429065, type: 2}
  m_PrefabInternal: {fileID: 0}
  serializedVersion: 4
  m_Component:
  - 4: {fileID: 1049848988}
  - 33: {fileID: 1049848991}
  - 136: {fileID: 1049848990}
  - 23: {fileID: 1049848989}
  m_Layer: 0
  m_Name: TrafficLightLeft
  m_TagString: Untagged
  m_Icon: {fileID: 0}
  m_NavMeshLayer: 0
  m_StaticEditorFlags: 0
  m_IsActive: 1
--- !u!4 &1049848988
Transform:
  m_ObjectHideFlags: 0
  m_PrefabParentObject: {fileID: 422038, guid: bb434ec2e2a16460bb170855de429065, type: 2}
  m_PrefabInternal: {fileID: 0}
  m_GameObject: {fileID: 1049848987}
  m_LocalRotation: {x: 0, y: 0, z: 0, w: 1}
  m_LocalPosition: {x: 0, y: 0, z: 3}
  m_LocalScale: {x: 0.5, y: 5, z: 0.5}
  m_Children:
  - {fileID: 1108409405}
  - {fileID: 1028744776}
  m_Father: {fileID: 13283961}
  m_RootOrder: 0
--- !u!23 &1049848989
MeshRenderer:
  m_ObjectHideFlags: 0
  m_PrefabParentObject: {fileID: 2307948, guid: bb434ec2e2a16460bb170855de429065,
    type: 2}
  m_PrefabInternal: {fileID: 0}
  m_GameObject: {fileID: 1049848987}
  m_Enabled: 1
  m_CastShadows: 1
  m_ReceiveShadows: 1
  m_Materials:
  - {fileID: 2100000, guid: dbdf96b775f3a40deb36842b606a653e, type: 2}
  m_SubsetIndices: 
  m_StaticBatchRoot: {fileID: 0}
  m_UseLightProbes: 1
  m_ReflectionProbeUsage: 1
  m_ProbeAnchor: {fileID: 0}
  m_ScaleInLightmap: 1
  m_PreserveUVs: 1
  m_IgnoreNormalsForChartDetection: 0
  m_ImportantGI: 0
  m_MinimumChartSize: 4
  m_AutoUVMaxDistance: 0.5
  m_AutoUVMaxAngle: 89
  m_LightmapParameters: {fileID: 0}
  m_SortingLayerID: 0
  m_SortingOrder: 0
--- !u!136 &1049848990
CapsuleCollider:
  m_ObjectHideFlags: 0
  m_PrefabParentObject: {fileID: 13697890, guid: bb434ec2e2a16460bb170855de429065,
    type: 2}
  m_PrefabInternal: {fileID: 0}
  m_GameObject: {fileID: 1049848987}
  m_Material: {fileID: 0}
  m_IsTrigger: 0
  m_Enabled: 1
  m_Radius: 0.5
  m_Height: 2
  m_Direction: 1
  m_Center: {x: 0, y: 0, z: 0}
--- !u!33 &1049848991
MeshFilter:
  m_ObjectHideFlags: 0
  m_PrefabParentObject: {fileID: 3318834, guid: bb434ec2e2a16460bb170855de429065,
    type: 2}
  m_PrefabInternal: {fileID: 0}
  m_GameObject: {fileID: 1049848987}
  m_Mesh: {fileID: 10206, guid: 0000000000000000e000000000000000, type: 0}
--- !u!1 &1108409404
GameObject:
  m_ObjectHideFlags: 0
  m_PrefabParentObject: {fileID: 107718, guid: bb434ec2e2a16460bb170855de429065, type: 2}
  m_PrefabInternal: {fileID: 0}
  serializedVersion: 4
  m_Component:
  - 4: {fileID: 1108409405}
  - 108: {fileID: 1108409406}
  m_Layer: 0
  m_Name: redLight
  m_TagString: Untagged
  m_Icon: {fileID: 0}
  m_NavMeshLayer: 0
  m_StaticEditorFlags: 0
  m_IsActive: 1
--- !u!4 &1108409405
Transform:
  m_ObjectHideFlags: 0
  m_PrefabParentObject: {fileID: 493368, guid: bb434ec2e2a16460bb170855de429065, type: 2}
  m_PrefabInternal: {fileID: 0}
  m_GameObject: {fileID: 1108409404}
  m_LocalRotation: {x: 0, y: 0.7071068, z: 0, w: 0.7071067}
  m_LocalPosition: {x: 0.5, y: 1, z: 0}
  m_LocalScale: {x: 2, y: 2, z: 0.2}
  m_Children: []
  m_Father: {fileID: 1049848988}
  m_RootOrder: 0
--- !u!108 &1108409406
Light:
  m_ObjectHideFlags: 0
  m_PrefabParentObject: {fileID: 10828938, guid: bb434ec2e2a16460bb170855de429065,
    type: 2}
  m_PrefabInternal: {fileID: 0}
  m_GameObject: {fileID: 1108409404}
  m_Enabled: 1
  serializedVersion: 6
  m_Type: 0
  m_Color: {r: 0.8602941, g: 0, b: 0, a: 1}
  m_Intensity: 8
  m_Range: 0.5
  m_SpotAngle: 30
  m_CookieSize: 10
  m_Shadows:
    m_Type: 0
    m_Resolution: -1
    m_Strength: 1
    m_Bias: 0.05
    m_NormalBias: 0.4
    m_NearPlane: 0.2
  m_Cookie: {fileID: 0}
  m_DrawHalo: 1
  m_Flare: {fileID: 0}
  m_RenderMode: 0
  m_CullingMask:
    serializedVersion: 2
    m_Bits: 4294967295
  m_Lightmapping: 1
  m_BounceIntensity: 8
  m_ShadowRadius: 0
  m_ShadowAngle: 0
  m_AreaSize: {x: 1, y: 1}
--- !u!1 &1286639592
GameObject:
  m_ObjectHideFlags: 0
  m_PrefabParentObject: {fileID: 0}
  m_PrefabInternal: {fileID: 0}
  serializedVersion: 4
  m_Component:
  - 4: {fileID: 1286639597}
  - 20: {fileID: 1286639596}
  - 92: {fileID: 1286639595}
  - 124: {fileID: 1286639594}
  - 81: {fileID: 1286639593}
  m_Layer: 0
  m_Name: Main Camera
  m_TagString: MainCamera
  m_Icon: {fileID: 0}
  m_NavMeshLayer: 0
  m_StaticEditorFlags: 0
  m_IsActive: 1
--- !u!81 &1286639593
AudioListener:
  m_ObjectHideFlags: 0
  m_PrefabParentObject: {fileID: 0}
  m_PrefabInternal: {fileID: 0}
  m_GameObject: {fileID: 1286639592}
  m_Enabled: 1
--- !u!124 &1286639594
Behaviour:
  m_ObjectHideFlags: 0
  m_PrefabParentObject: {fileID: 0}
  m_PrefabInternal: {fileID: 0}
  m_GameObject: {fileID: 1286639592}
  m_Enabled: 1
--- !u!92 &1286639595
Behaviour:
  m_ObjectHideFlags: 0
  m_PrefabParentObject: {fileID: 0}
  m_PrefabInternal: {fileID: 0}
  m_GameObject: {fileID: 1286639592}
  m_Enabled: 1
--- !u!20 &1286639596
Camera:
  m_ObjectHideFlags: 0
  m_PrefabParentObject: {fileID: 0}
  m_PrefabInternal: {fileID: 0}
  m_GameObject: {fileID: 1286639592}
  m_Enabled: 1
  serializedVersion: 2
  m_ClearFlags: 1
  m_BackGroundColor: {r: 0.19215687, g: 0.3019608, b: 0.4745098, a: 0.019607844}
  m_NormalizedViewPortRect:
    serializedVersion: 2
    x: 0
    y: 0
    width: 1
    height: 1
  near clip plane: 0.3
  far clip plane: 1000
  field of view: 60
  orthographic: 0
  orthographic size: 5
  m_Depth: -1
  m_CullingMask:
    serializedVersion: 2
    m_Bits: 4294967295
  m_RenderingPath: -1
  m_TargetTexture: {fileID: 0}
  m_TargetDisplay: 0
  m_TargetEye: 3
  m_HDR: 0
  m_OcclusionCulling: 1
  m_StereoConvergence: 10
  m_StereoSeparation: 0.022
  m_StereoMirrorMode: 0
--- !u!4 &1286639597
Transform:
  m_ObjectHideFlags: 0
  m_PrefabParentObject: {fileID: 0}
  m_PrefabInternal: {fileID: 0}
  m_GameObject: {fileID: 1286639592}
  m_LocalRotation: {x: 0, y: 0.7071066, z: 0, w: -0.70710695}
  m_LocalPosition: {x: 9.2, y: 4.2, z: 0}
  m_LocalScale: {x: 1, y: 1, z: 1}
  m_Children: []
  m_Father: {fileID: 0}
  m_RootOrder: 0
--- !u!1 &1645274192
GameObject:
  m_ObjectHideFlags: 0
  m_PrefabParentObject: {fileID: 166178, guid: bb434ec2e2a16460bb170855de429065, type: 2}
  m_PrefabInternal: {fileID: 0}
  serializedVersion: 4
  m_Component:
  - 4: {fileID: 1645274193}
  - 33: {fileID: 1645274196}
  - 136: {fileID: 1645274195}
  - 23: {fileID: 1645274194}
  m_Layer: 0
  m_Name: TrafficLightRight
  m_TagString: Untagged
  m_Icon: {fileID: 0}
  m_NavMeshLayer: 0
  m_StaticEditorFlags: 0
  m_IsActive: 1
--- !u!4 &1645274193
Transform:
  m_ObjectHideFlags: 0
  m_PrefabParentObject: {fileID: 452826, guid: bb434ec2e2a16460bb170855de429065, type: 2}
  m_PrefabInternal: {fileID: 0}
  m_GameObject: {fileID: 1645274192}
  m_LocalRotation: {x: 0, y: 0, z: 0, w: 1}
  m_LocalPosition: {x: 0, y: 0, z: -3}
  m_LocalScale: {x: 0.5, y: 5, z: 0.5}
  m_Children:
  - {fileID: 924627407}
  m_Father: {fileID: 13283961}
  m_RootOrder: 1
--- !u!23 &1645274194
MeshRenderer:
  m_ObjectHideFlags: 0
  m_PrefabParentObject: {fileID: 2389914, guid: bb434ec2e2a16460bb170855de429065,
    type: 2}
  m_PrefabInternal: {fileID: 0}
  m_GameObject: {fileID: 1645274192}
  m_Enabled: 1
  m_CastShadows: 1
  m_ReceiveShadows: 1
  m_Materials:
  - {fileID: 2100000, guid: dbdf96b775f3a40deb36842b606a653e, type: 2}
  m_SubsetIndices: 
  m_StaticBatchRoot: {fileID: 0}
  m_UseLightProbes: 1
  m_ReflectionProbeUsage: 1
  m_ProbeAnchor: {fileID: 0}
  m_ScaleInLightmap: 1
  m_PreserveUVs: 1
  m_IgnoreNormalsForChartDetection: 0
  m_ImportantGI: 0
  m_MinimumChartSize: 4
  m_AutoUVMaxDistance: 0.5
  m_AutoUVMaxAngle: 89
  m_LightmapParameters: {fileID: 0}
  m_SortingLayerID: 0
  m_SortingOrder: 0
--- !u!136 &1645274195
CapsuleCollider:
  m_ObjectHideFlags: 0
  m_PrefabParentObject: {fileID: 13658370, guid: bb434ec2e2a16460bb170855de429065,
    type: 2}
  m_PrefabInternal: {fileID: 0}
  m_GameObject: {fileID: 1645274192}
  m_Material: {fileID: 0}
  m_IsTrigger: 0
  m_Enabled: 1
  m_Radius: 0.5
  m_Height: 2
  m_Direction: 1
  m_Center: {x: 0, y: 0, z: 0}
--- !u!33 &1645274196
MeshFilter:
  m_ObjectHideFlags: 0
  m_PrefabParentObject: {fileID: 3357962, guid: bb434ec2e2a16460bb170855de429065,
    type: 2}
  m_PrefabInternal: {fileID: 0}
  m_GameObject: {fileID: 1645274192}
  m_Mesh: {fileID: 10206, guid: 0000000000000000e000000000000000, type: 0}
--- !u!1 &1673783186
GameObject:
  m_ObjectHideFlags: 0
  m_PrefabParentObject: {fileID: 186038, guid: bb434ec2e2a16460bb170855de429065, type: 2}
  m_PrefabInternal: {fileID: 0}
  serializedVersion: 4
  m_Component:
  - 4: {fileID: 1673783187}
  - 33: {fileID: 1673783190}
  - 65: {fileID: 1673783189}
  - 23: {fileID: 1673783188}
  m_Layer: 0
  m_Name: TrafficLine
  m_TagString: Untagged
  m_Icon: {fileID: 0}
  m_NavMeshLayer: 0
  m_StaticEditorFlags: 0
  m_IsActive: 1
--- !u!4 &1673783187
Transform:
  m_ObjectHideFlags: 0
  m_PrefabParentObject: {fileID: 439298, guid: bb434ec2e2a16460bb170855de429065, type: 2}
  m_PrefabInternal: {fileID: 0}
  m_GameObject: {fileID: 1673783186}
  m_LocalRotation: {x: 0, y: 0, z: 0, w: 1}
  m_LocalPosition: {x: 0, y: 2.5, z: 0}
  m_LocalScale: {x: 1, y: 5, z: 6}
  m_Children: []
  m_Father: {fileID: 13283961}
  m_RootOrder: 2
--- !u!23 &1673783188
MeshRenderer:
  m_ObjectHideFlags: 0
  m_PrefabParentObject: {fileID: 2370764, guid: bb434ec2e2a16460bb170855de429065,
    type: 2}
  m_PrefabInternal: {fileID: 0}
  m_GameObject: {fileID: 1673783186}
  m_Enabled: 0
  m_CastShadows: 1
  m_ReceiveShadows: 1
  m_Materials:
  - {fileID: 10303, guid: 0000000000000000f000000000000000, type: 0}
  m_SubsetIndices: 
  m_StaticBatchRoot: {fileID: 0}
  m_UseLightProbes: 1
  m_ReflectionProbeUsage: 1
  m_ProbeAnchor: {fileID: 0}
  m_ScaleInLightmap: 1
  m_PreserveUVs: 1
  m_IgnoreNormalsForChartDetection: 0
  m_ImportantGI: 0
  m_MinimumChartSize: 4
  m_AutoUVMaxDistance: 0.5
  m_AutoUVMaxAngle: 89
  m_LightmapParameters: {fileID: 0}
  m_SortingLayerID: 0
  m_SortingOrder: 0
--- !u!65 &1673783189
BoxCollider:
  m_ObjectHideFlags: 0
  m_PrefabParentObject: {fileID: 6520130, guid: bb434ec2e2a16460bb170855de429065,
    type: 2}
  m_PrefabInternal: {fileID: 0}
  m_GameObject: {fileID: 1673783186}
  m_Material: {fileID: 0}
  m_IsTrigger: 0
  m_Enabled: 1
  serializedVersion: 2
  m_Size: {x: 1, y: 1, z: 1}
  m_Center: {x: 0, y: 0, z: 0}
--- !u!33 &1673783190
MeshFilter:
  m_ObjectHideFlags: 0
  m_PrefabParentObject: {fileID: 3354640, guid: bb434ec2e2a16460bb170855de429065,
    type: 2}
  m_PrefabInternal: {fileID: 0}
  m_GameObject: {fileID: 1673783186}
  m_Mesh: {fileID: 10202, guid: 0000000000000000e000000000000000, type: 0}
--- !u!1 &1825777734
GameObject:
  m_ObjectHideFlags: 0
  m_PrefabParentObject: {fileID: 0}
  m_PrefabInternal: {fileID: 0}
  serializedVersion: 4
  m_Component:
  - 4: {fileID: 1825777738}
  - 33: {fileID: 1825777737}
  - 64: {fileID: 1825777736}
  - 23: {fileID: 1825777735}
  m_Layer: 0
  m_Name: Plane
  m_TagString: Untagged
  m_Icon: {fileID: 0}
  m_NavMeshLayer: 0
  m_StaticEditorFlags: 0
  m_IsActive: 1
--- !u!23 &1825777735
MeshRenderer:
  m_ObjectHideFlags: 0
  m_PrefabParentObject: {fileID: 0}
  m_PrefabInternal: {fileID: 0}
  m_GameObject: {fileID: 1825777734}
  m_Enabled: 1
  m_CastShadows: 1
  m_ReceiveShadows: 1
  m_Materials:
  - {fileID: 10303, guid: 0000000000000000f000000000000000, type: 0}
  m_SubsetIndices: 
  m_StaticBatchRoot: {fileID: 0}
  m_UseLightProbes: 1
  m_ReflectionProbeUsage: 1
  m_ProbeAnchor: {fileID: 0}
  m_ScaleInLightmap: 1
  m_PreserveUVs: 1
  m_IgnoreNormalsForChartDetection: 0
  m_ImportantGI: 0
  m_MinimumChartSize: 4
  m_AutoUVMaxDistance: 0.5
  m_AutoUVMaxAngle: 89
  m_LightmapParameters: {fileID: 0}
  m_SortingLayerID: 0
  m_SortingOrder: 0
--- !u!64 &1825777736
MeshCollider:
  m_ObjectHideFlags: 0
  m_PrefabParentObject: {fileID: 0}
  m_PrefabInternal: {fileID: 0}
  m_GameObject: {fileID: 1825777734}
  m_Material: {fileID: 0}
  m_IsTrigger: 0
  m_Enabled: 1
  serializedVersion: 2
  m_Convex: 0
  m_Mesh: {fileID: 10209, guid: 0000000000000000e000000000000000, type: 0}
--- !u!33 &1825777737
MeshFilter:
  m_ObjectHideFlags: 0
  m_PrefabParentObject: {fileID: 0}
  m_PrefabInternal: {fileID: 0}
  m_GameObject: {fileID: 1825777734}
  m_Mesh: {fileID: 10209, guid: 0000000000000000e000000000000000, type: 0}
--- !u!4 &1825777738
Transform:
  m_ObjectHideFlags: 0
  m_PrefabParentObject: {fileID: 0}
  m_PrefabInternal: {fileID: 0}
  m_GameObject: {fileID: 1825777734}
  m_LocalRotation: {x: 0, y: 0, z: 0, w: 1}
  m_LocalPosition: {x: -0.99998474, y: 2.6221387, z: -2.99}
  m_LocalScale: {x: 10, y: 1, z: 10}
  m_Children: []
  m_Father: {fileID: 0}
  m_RootOrder: 2
