%YAML 1.1
%TAG !u! tag:unity3d.com,2011:
--- !u!29 &1
SceneSettings:
  m_ObjectHideFlags: 0
  m_PVSData: 
  m_PVSObjectsArray: []
  m_PVSPortalsArray: []
  m_OcclusionBakeSettings:
    smallestOccluder: 5
    smallestHole: 0.25
    backfaceThreshold: 100
--- !u!104 &2
RenderSettings:
  m_ObjectHideFlags: 0
  serializedVersion: 6
  m_Fog: 0
  m_FogColor: {r: 0.5, g: 0.5, b: 0.5, a: 1}
  m_FogMode: 3
  m_FogDensity: 0.01
  m_LinearFogStart: 0
  m_LinearFogEnd: 300
  m_AmbientSkyColor: {r: 0.212, g: 0.227, b: 0.259, a: 1}
  m_AmbientEquatorColor: {r: 0.114, g: 0.125, b: 0.133, a: 1}
  m_AmbientGroundColor: {r: 0.047, g: 0.043, b: 0.035, a: 1}
  m_AmbientIntensity: 1
  m_AmbientMode: 0
  m_SkyboxMaterial: {fileID: 10304, guid: 0000000000000000f000000000000000, type: 0}
  m_HaloStrength: 0.5
  m_FlareStrength: 1
  m_FlareFadeSpeed: 3
  m_HaloTexture: {fileID: 0}
  m_SpotCookie: {fileID: 10001, guid: 0000000000000000e000000000000000, type: 0}
  m_DefaultReflectionMode: 0
  m_DefaultReflectionResolution: 128
  m_ReflectionBounces: 1
  m_ReflectionIntensity: 1
  m_CustomReflection: {fileID: 0}
  m_Sun: {fileID: 0}
--- !u!157 &3
LightmapSettings:
  m_ObjectHideFlags: 0
  serializedVersion: 6
  m_GIWorkflowMode: 0
  m_LightmapsMode: 1
  m_GISettings:
    serializedVersion: 2
    m_BounceScale: 1
    m_IndirectOutputScale: 1
    m_AlbedoBoost: 1
    m_TemporalCoherenceThreshold: 1
    m_EnvironmentLightingMode: 0
    m_EnableBakedLightmaps: 1
    m_EnableRealtimeLightmaps: 1
  m_LightmapEditorSettings:
    serializedVersion: 3
    m_Resolution: 2
    m_BakeResolution: 40
    m_TextureWidth: 1024
    m_TextureHeight: 1024
    m_AOMaxDistance: 1
    m_Padding: 2
    m_CompAOExponent: 0
    m_LightmapParameters: {fileID: 0}
    m_TextureCompression: 1
    m_FinalGather: 0
    m_FinalGatherRayCount: 1024
    m_ReflectionCompression: 2
  m_LightingDataAsset: {fileID: 0}
  m_RuntimeCPUUsage: 25
--- !u!196 &4
NavMeshSettings:
  serializedVersion: 2
  m_ObjectHideFlags: 0
  m_BuildSettings:
    serializedVersion: 2
    agentRadius: 0.5
    agentHeight: 2
    agentSlope: 45
    agentClimb: 0.4
    ledgeDropHeight: 0
    maxJumpAcrossDistance: 0
    accuratePlacement: 0
    minRegionArea: 2
    cellSize: 0.16666667
    manualCellSize: 0
  m_NavMeshData: {fileID: 0}
--- !u!1 &39310854
GameObject:
  m_ObjectHideFlags: 0
  m_PrefabParentObject: {fileID: 105518, guid: 317f4da628e4c443fa7542455fc40825, type: 2}
  m_PrefabInternal: {fileID: 0}
  serializedVersion: 4
  m_Component:
  - 4: {fileID: 39310855}
  m_Layer: 0
  m_Name: RoadOutModel
  m_TagString: Untagged
  m_Icon: {fileID: 0}
  m_NavMeshLayer: 0
  m_StaticEditorFlags: 0
  m_IsActive: 1
--- !u!4 &39310855
Transform:
  m_ObjectHideFlags: 0
  m_PrefabParentObject: {fileID: 494508, guid: 317f4da628e4c443fa7542455fc40825, type: 2}
  m_PrefabInternal: {fileID: 0}
  m_GameObject: {fileID: 39310854}
  m_LocalRotation: {x: 0, y: 0, z: 0, w: 1}
  m_LocalPosition: {x: 0, y: 0, z: 0}
  m_LocalScale: {x: 1, y: 1, z: 20}
  m_Children:
  - {fileID: 1514488248}
  m_Father: {fileID: 1669742154}
  m_RootOrder: 0
--- !u!1 &47521319
GameObject:
  m_ObjectHideFlags: 0
  m_PrefabParentObject: {fileID: 154052, guid: 317f4da628e4c443fa7542455fc40825, type: 2}
  m_PrefabInternal: {fileID: 0}
  serializedVersion: 4
  m_Component:
  - 4: {fileID: 47521320}
  m_Layer: 0
  m_Name: Paths
  m_TagString: Untagged
  m_Icon: {fileID: 0}
  m_NavMeshLayer: 0
  m_StaticEditorFlags: 0
  m_IsActive: 1
--- !u!4 &47521320
Transform:
  m_ObjectHideFlags: 0
  m_PrefabParentObject: {fileID: 475766, guid: 317f4da628e4c443fa7542455fc40825, type: 2}
  m_PrefabInternal: {fileID: 0}
  m_GameObject: {fileID: 47521319}
  m_LocalRotation: {x: 0, y: 0, z: 0, w: 1}
  m_LocalPosition: {x: 0, y: 0, z: 0}
  m_LocalScale: {x: 1, y: 1, z: 1}
  m_Children: []
  m_Father: {fileID: 572684114}
  m_RootOrder: 2
--- !u!4 &148354627
Transform:
  m_ObjectHideFlags: 0
  m_PrefabParentObject: {fileID: 466072, guid: 317f4da628e4c443fa7542455fc40825, type: 2}
  m_PrefabInternal: {fileID: 0}
  m_GameObject: {fileID: 1930203106}
  m_LocalRotation: {x: 0, y: 0, z: 0, w: 1}
  m_LocalPosition: {x: 0, y: 0, z: 9.5}
  m_LocalScale: {x: 1, y: 0.2, z: 0.015000001}
  m_Children: []
  m_Father: {fileID: 673058064}
  m_RootOrder: 0
--- !u!1 &341936249
GameObject:
  m_ObjectHideFlags: 0
  m_PrefabParentObject: {fileID: 171558, guid: 317f4da628e4c443fa7542455fc40825, type: 2}
  m_PrefabInternal: {fileID: 0}
  serializedVersion: 4
  m_Component:
  - 4: {fileID: 341936250}
  - 114: {fileID: 341936251}
  m_Layer: 0
  m_Name: RoadIn
  m_TagString: Untagged
  m_Icon: {fileID: 0}
  m_NavMeshLayer: 0
  m_StaticEditorFlags: 0
  m_IsActive: 1
--- !u!4 &341936250
Transform:
  m_ObjectHideFlags: 0
  m_PrefabParentObject: {fileID: 479352, guid: 317f4da628e4c443fa7542455fc40825, type: 2}
  m_PrefabInternal: {fileID: 0}
  m_GameObject: {fileID: 341936249}
  m_LocalRotation: {x: 0, y: 0, z: 0, w: 1}
  m_LocalPosition: {x: 0, y: 0, z: 0}
  m_LocalScale: {x: 1, y: 1, z: 1}
  m_Children:
  - {fileID: 1593536603}
  - {fileID: 1358017550}
  - {fileID: 1995854868}
  m_Father: {fileID: 673058064}
  m_RootOrder: 3
--- !u!114 &341936251
MonoBehaviour:
  m_ObjectHideFlags: 0
  m_PrefabParentObject: {fileID: 11495026, guid: 317f4da628e4c443fa7542455fc40825,
    type: 2}
  m_PrefabInternal: {fileID: 0}
  m_GameObject: {fileID: 341936249}
  m_Enabled: 1
  m_EditorHideFlags: 0
  m_Script: {fileID: 11500000, guid: 408d025620f244d6d930d27a8143c370, type: 3}
  m_Name: 
  m_EditorClassIdentifier: 
  laneInPrefab: {fileID: 0}
  trafficLightsPrefab: {fileID: 0}
  theTrafficLights: {fileID: 0}
  myDecisionPoints: []
--- !u!1 &397917301
GameObject:
  m_ObjectHideFlags: 0
  m_PrefabParentObject: {fileID: 0}
  m_PrefabInternal: {fileID: 0}
  serializedVersion: 4
  m_Component:
  - 4: {fileID: 397917302}
  m_Layer: 0
  m_Name: TrafficLightsModel
  m_TagString: Untagged
  m_Icon: {fileID: 0}
  m_NavMeshLayer: 0
  m_StaticEditorFlags: 0
  m_IsActive: 1
--- !u!4 &397917302
Transform:
  m_ObjectHideFlags: 0
  m_PrefabParentObject: {fileID: 0}
  m_PrefabInternal: {fileID: 0}
  m_GameObject: {fileID: 397917301}
  m_LocalRotation: {x: 0, y: 0, z: 0, w: 1}
  m_LocalPosition: {x: 0, y: 0, z: 0}
  m_LocalScale: {x: 1, y: 1, z: 0.4}
  m_Children:
  - {fileID: 1376423758}
  m_Father: {fileID: 481877551}
  m_RootOrder: 0
--- !u!1 &412724267
GameObject:
  m_ObjectHideFlags: 0
  m_PrefabParentObject: {fileID: 194780, guid: 317f4da628e4c443fa7542455fc40825, type: 2}
  m_PrefabInternal: {fileID: 0}
  serializedVersion: 4
  m_Component:
  - 4: {fileID: 412724268}
  - 114: {fileID: 412724269}
  m_Layer: 0
  m_Name: JunctionSide
  m_TagString: Untagged
  m_Icon: {fileID: 0}
  m_NavMeshLayer: 0
  m_StaticEditorFlags: 0
  m_IsActive: 1
--- !u!4 &412724268
Transform:
  m_ObjectHideFlags: 0
  m_PrefabParentObject: {fileID: 466908, guid: 317f4da628e4c443fa7542455fc40825, type: 2}
  m_PrefabInternal: {fileID: 0}
  m_GameObject: {fileID: 412724267}
  m_LocalRotation: {x: 0, y: 0, z: 0, w: 1}
  m_LocalPosition: {x: 0, y: 0, z: 0}
  m_LocalScale: {x: 1, y: 1, z: 1}
  m_Children:
  - {fileID: 904847163}
  - {fileID: 1737525555}
  - {fileID: 484849540}
  m_Father: {fileID: 673058064}
  m_RootOrder: 1
--- !u!114 &412724269
MonoBehaviour:
  m_ObjectHideFlags: 0
  m_PrefabParentObject: {fileID: 11485416, guid: 317f4da628e4c443fa7542455fc40825,
    type: 2}
  m_PrefabInternal: {fileID: 0}
  m_GameObject: {fileID: 412724267}
  m_Enabled: 1
  m_EditorHideFlags: 0
  m_Script: {fileID: 11500000, guid: 4b8015b2b9ab443bc8f36f5f2ab018df, type: 3}
  m_Name: 
  m_EditorClassIdentifier: 
  pathWidth: 0.3
  roadInPrefab: {fileID: 0}
  roadOutPrefab: {fileID: 0}
  pathPrefab: {fileID: 0}
  pathLanePrefab: {fileID: 0}
  mainpathPrefab: {fileID: 0}
--- !u!1 &481877550
GameObject:
  m_ObjectHideFlags: 0
  m_PrefabParentObject: {fileID: 0}
  m_PrefabInternal: {fileID: 0}
  serializedVersion: 4
  m_Component:
  - 4: {fileID: 481877551}
  - 114: {fileID: 481877552}
  m_Layer: 0
  m_Name: TrafficLight
  m_TagString: Untagged
  m_Icon: {fileID: 0}
  m_NavMeshLayer: 0
  m_StaticEditorFlags: 0
  m_IsActive: 1
--- !u!4 &481877551
Transform:
  m_ObjectHideFlags: 0
  m_PrefabParentObject: {fileID: 0}
  m_PrefabInternal: {fileID: 0}
  m_GameObject: {fileID: 481877550}
  m_LocalRotation: {x: 0, y: 0, z: 0, w: 1}
  m_LocalPosition: {x: 0, y: -10, z: 0}
  m_LocalScale: {x: 1, y: 1, z: 1}
  m_Children:
  - {fileID: 397917302}
  - {fileID: 2121614862}
  m_Father: {fileID: 673058064}
  m_RootOrder: 5
--- !u!114 &481877552
MonoBehaviour:
  m_ObjectHideFlags: 0
  m_PrefabParentObject: {fileID: 0}
  m_PrefabInternal: {fileID: 0}
  m_GameObject: {fileID: 481877550}
  m_Enabled: 1
  m_EditorHideFlags: 0
  m_Script: {fileID: 11500000, guid: fe247a9172ad744be85d26a2ac0d26e7, type: 3}
  m_Name: 
  m_EditorClassIdentifier: 
--- !u!1 &484849539
GameObject:
  m_ObjectHideFlags: 0
  m_PrefabParentObject: {fileID: 148010, guid: 317f4da628e4c443fa7542455fc40825, type: 2}
  m_PrefabInternal: {fileID: 0}
  serializedVersion: 4
  m_Component:
  - 4: {fileID: 484849540}
  m_Layer: 0
  m_Name: Roads
  m_TagString: Untagged
  m_Icon: {fileID: 0}
  m_NavMeshLayer: 0
  m_StaticEditorFlags: 0
  m_IsActive: 1
--- !u!4 &484849540
Transform:
  m_ObjectHideFlags: 0
  m_PrefabParentObject: {fileID: 427992, guid: 317f4da628e4c443fa7542455fc40825, type: 2}
  m_PrefabInternal: {fileID: 0}
  m_GameObject: {fileID: 484849539}
  m_LocalRotation: {x: 0, y: 0, z: 0, w: 1}
  m_LocalPosition: {x: 0, y: 0, z: 0}
  m_LocalScale: {x: 1, y: 1, z: 1}
  m_Children: []
  m_Father: {fileID: 412724268}
  m_RootOrder: 2
--- !u!1 &564638221
GameObject:
  m_ObjectHideFlags: 0
  m_PrefabParentObject: {fileID: 0}
  m_PrefabInternal: {fileID: 0}
  serializedVersion: 4
  m_Component:
  - 4: {fileID: 564638222}
  m_Layer: 0
  m_Name: TrafficLights
  m_TagString: Untagged
  m_Icon: {fileID: 0}
  m_NavMeshLayer: 0
  m_StaticEditorFlags: 0
  m_IsActive: 1
--- !u!4 &564638222
Transform:
  m_ObjectHideFlags: 0
  m_PrefabParentObject: {fileID: 0}
  m_PrefabInternal: {fileID: 0}
  m_GameObject: {fileID: 564638221}
  m_LocalRotation: {x: 0, y: 0, z: 0, w: 1}
  m_LocalPosition: {x: 0, y: 0, z: 0}
  m_LocalScale: {x: 1, y: 1, z: 1}
  m_Children: []
  m_Father: {fileID: 1669742154}
  m_RootOrder: 2
--- !u!1 &572684113
GameObject:
  m_ObjectHideFlags: 0
  m_PrefabParentObject: {fileID: 106902, guid: 317f4da628e4c443fa7542455fc40825, type: 2}
  m_PrefabInternal: {fileID: 0}
  serializedVersion: 4
  m_Component:
  - 4: {fileID: 572684114}
  - 114: {fileID: 572684115}
  m_Layer: 0
  m_Name: Junction
  m_TagString: Untagged
  m_Icon: {fileID: 0}
  m_NavMeshLayer: 0
  m_StaticEditorFlags: 0
  m_IsActive: 1
--- !u!4 &572684114
Transform:
  m_ObjectHideFlags: 0
  m_PrefabParentObject: {fileID: 471236, guid: 317f4da628e4c443fa7542455fc40825, type: 2}
  m_PrefabInternal: {fileID: 0}
  m_GameObject: {fileID: 572684113}
  m_LocalRotation: {x: 0, y: 0, z: 0, w: 1}
  m_LocalPosition: {x: 0, y: 10, z: 0}
  m_LocalScale: {x: 1, y: 1, z: 1}
  m_Children:
  - {fileID: 674529037}
  - {fileID: 1693898519}
  - {fileID: 47521320}
  m_Father: {fileID: 673058064}
  m_RootOrder: 4
--- !u!114 &572684115
MonoBehaviour:
  m_ObjectHideFlags: 0
  m_PrefabParentObject: {fileID: 11427686, guid: 317f4da628e4c443fa7542455fc40825,
    type: 2}
  m_PrefabInternal: {fileID: 0}
  m_GameObject: {fileID: 572684113}
  m_Enabled: 1
  m_EditorHideFlags: 0
  m_Script: {fileID: 11500000, guid: a58de471659a3474aa5f30c78425679e, type: 3}
  m_Name: 
  m_EditorClassIdentifier: 
  NLights: []
  ELights: []
  SLights: []
  WLights: []
  NSpawners: []
  ESpawners: []
  SSpawners: []
  WSpawners: []
  NCollectors: []
  ECollectors: []
  SCollectors: []
  WCollectors: []
  NDecisionPointers: []
  EDecisionPointers: []
  SDecisionPointers: []
  WDecisionPointers: []
  NDestinationPointers: []
  EDestinationPointers: []
  SDestinationPointers: []
  WDestinationPointers: []
--- !u!1 &673058063
GameObject:
  m_ObjectHideFlags: 0
  m_PrefabParentObject: {fileID: 104580, guid: 317f4da628e4c443fa7542455fc40825, type: 2}
  m_PrefabInternal: {fileID: 0}
  serializedVersion: 4
  m_Component:
  - 4: {fileID: 673058064}
  m_Layer: 0
  m_Name: GameObjects
  m_TagString: Untagged
  m_Icon: {fileID: 0}
  m_NavMeshLayer: 0
  m_StaticEditorFlags: 0
  m_IsActive: 1
--- !u!4 &673058064
Transform:
  m_ObjectHideFlags: 0
  m_PrefabParentObject: {fileID: 498788, guid: 317f4da628e4c443fa7542455fc40825, type: 2}
  m_PrefabInternal: {fileID: 0}
  m_GameObject: {fileID: 673058063}
  m_LocalRotation: {x: 0, y: 0, z: 0, w: 1}
  m_LocalPosition: {x: 0, y: -10, z: 0}
  m_LocalScale: {x: 1, y: 1, z: 1}
  m_Children:
  - {fileID: 148354627}
  - {fileID: 412724268}
  - {fileID: 1669742154}
  - {fileID: 341936250}
  - {fileID: 572684114}
  - {fileID: 481877551}
  m_Father: {fileID: 0}
  m_RootOrder: 3
--- !u!1 &674529032
GameObject:
  m_ObjectHideFlags: 0
  m_PrefabParentObject: {fileID: 157752, guid: 317f4da628e4c443fa7542455fc40825, type: 2}
  m_PrefabInternal: {fileID: 0}
  serializedVersion: 4
  m_Component:
  - 4: {fileID: 674529037}
  - 33: {fileID: 674529036}
  - 65: {fileID: 674529035}
  - 23: {fileID: 674529034}
  m_Layer: 0
  m_Name: JunctionModel
  m_TagString: Untagged
  m_Icon: {fileID: 0}
  m_NavMeshLayer: 0
  m_StaticEditorFlags: 0
  m_IsActive: 1
--- !u!23 &674529034
MeshRenderer:
  m_ObjectHideFlags: 0
  m_PrefabParentObject: {fileID: 2340234, guid: 317f4da628e4c443fa7542455fc40825,
    type: 2}
  m_PrefabInternal: {fileID: 0}
  m_GameObject: {fileID: 674529032}
  m_Enabled: 1
  m_CastShadows: 1
  m_ReceiveShadows: 1
  m_Materials:
  - {fileID: 2100000, guid: 3b3559f067daa4b06b7a060946809379, type: 2}
  m_SubsetIndices: 
  m_StaticBatchRoot: {fileID: 0}
  m_UseLightProbes: 1
  m_ReflectionProbeUsage: 1
  m_ProbeAnchor: {fileID: 0}
  m_ScaleInLightmap: 1
  m_PreserveUVs: 1
  m_IgnoreNormalsForChartDetection: 0
  m_ImportantGI: 0
  m_MinimumChartSize: 4
  m_AutoUVMaxDistance: 0.5
  m_AutoUVMaxAngle: 89
  m_LightmapParameters: {fileID: 0}
  m_SortingLayerID: 0
  m_SortingOrder: 0
--- !u!65 &674529035
BoxCollider:
  m_ObjectHideFlags: 0
  m_PrefabParentObject: {fileID: 6579686, guid: 317f4da628e4c443fa7542455fc40825,
    type: 2}
  m_PrefabInternal: {fileID: 0}
  m_GameObject: {fileID: 674529032}
  m_Material: {fileID: 0}
  m_IsTrigger: 0
  m_Enabled: 1
  serializedVersion: 2
  m_Size: {x: 1, y: 1, z: 1}
  m_Center: {x: 0, y: 0, z: 0}
--- !u!33 &674529036
MeshFilter:
  m_ObjectHideFlags: 0
  m_PrefabParentObject: {fileID: 3352158, guid: 317f4da628e4c443fa7542455fc40825,
    type: 2}
  m_PrefabInternal: {fileID: 0}
  m_GameObject: {fileID: 674529032}
  m_Mesh: {fileID: 10202, guid: 0000000000000000e000000000000000, type: 0}
--- !u!4 &674529037
Transform:
  m_ObjectHideFlags: 0
  m_PrefabParentObject: {fileID: 467700, guid: 317f4da628e4c443fa7542455fc40825, type: 2}
  m_PrefabInternal: {fileID: 0}
  m_GameObject: {fileID: 674529032}
  m_LocalRotation: {x: 0, y: 0, z: 0, w: 1}
  m_LocalPosition: {x: 0, y: 0, z: 0}
  m_LocalScale: {x: 1, y: 0.1, z: 1}
  m_Children: []
  m_Father: {fileID: 572684114}
  m_RootOrder: 0
--- !u!1 &876068039
GameObject:
  m_ObjectHideFlags: 0
  m_PrefabParentObject: {fileID: 0}
  m_PrefabInternal: {fileID: 0}
  serializedVersion: 4
  m_Component:
  - 4: {fileID: 876068041}
  - 108: {fileID: 876068040}
  - 114: {fileID: 876068042}
  m_Layer: 0
  m_Name: Sun
  m_TagString: Untagged
  m_Icon: {fileID: 0}
  m_NavMeshLayer: 0
  m_StaticEditorFlags: 0
  m_IsActive: 1
--- !u!108 &876068040
Light:
  m_ObjectHideFlags: 0
  m_PrefabParentObject: {fileID: 0}
  m_PrefabInternal: {fileID: 0}
  m_GameObject: {fileID: 876068039}
  m_Enabled: 1
  serializedVersion: 6
  m_Type: 1
  m_Color: {r: 1, g: 0.95686275, b: 0.8392157, a: 1}
  m_Intensity: 0.5
  m_Range: 10
  m_SpotAngle: 30
  m_CookieSize: 10
  m_Shadows:
    m_Type: 2
    m_Resolution: -1
    m_Strength: 1
    m_Bias: 0.05
    m_NormalBias: 0.4
    m_NearPlane: 0.2
  m_Cookie: {fileID: 0}
  m_DrawHalo: 0
  m_Flare: {fileID: 0}
  m_RenderMode: 0
  m_CullingMask:
    serializedVersion: 2
    m_Bits: 4294967295
  m_Lightmapping: 4
  m_BounceIntensity: 1
  m_ShadowRadius: 0
  m_ShadowAngle: 0
  m_AreaSize: {x: 1, y: 1}
--- !u!4 &876068041
Transform:
  m_ObjectHideFlags: 0
  m_PrefabParentObject: {fileID: 0}
  m_PrefabInternal: {fileID: 0}
  m_GameObject: {fileID: 876068039}
  m_LocalRotation: {x: 0.40821794, y: -0.23456973, z: 0.109381676, w: 0.87542605}
  m_LocalPosition: {x: 0, y: 3, z: 0}
  m_LocalScale: {x: 1, y: 1, z: 1}
  m_Children: []
  m_Father: {fileID: 0}
  m_RootOrder: 1
--- !u!114 &876068042
MonoBehaviour:
  m_ObjectHideFlags: 0
  m_PrefabParentObject: {fileID: 0}
  m_PrefabInternal: {fileID: 0}
  m_GameObject: {fileID: 876068039}
  m_Enabled: 1
  m_EditorHideFlags: 0
  m_Script: {fileID: 11500000, guid: 873df050559664c3ca3e2e098a2d1a99, type: 3}
  m_Name: 
  m_EditorClassIdentifier: 
  junction: {fileID: 572684113}
--- !u!1 &904847162
GameObject:
  m_ObjectHideFlags: 0
  m_PrefabParentObject: {fileID: 177362, guid: 317f4da628e4c443fa7542455fc40825, type: 2}
  m_PrefabInternal: {fileID: 0}
  serializedVersion: 4
  m_Component:
  - 4: {fileID: 904847163}
  m_Layer: 0
  m_Name: JunctionSideModel
  m_TagString: Untagged
  m_Icon: {fileID: 0}
  m_NavMeshLayer: 0
  m_StaticEditorFlags: 0
  m_IsActive: 1
--- !u!4 &904847163
Transform:
  m_ObjectHideFlags: 0
  m_PrefabParentObject: {fileID: 457196, guid: 317f4da628e4c443fa7542455fc40825, type: 2}
  m_PrefabInternal: {fileID: 0}
  m_GameObject: {fileID: 904847162}
  m_LocalRotation: {x: 0, y: 0, z: 0, w: 1}
  m_LocalPosition: {x: 0, y: 0, z: 0}
  m_LocalScale: {x: 1, y: 1, z: 20}
  m_Children:
  - {fileID: 1841353209}
  m_Father: {fileID: 412724268}
  m_RootOrder: 0
--- !u!1 &1049131072
GameObject:
  m_ObjectHideFlags: 0
  m_PrefabParentObject: {fileID: 0}
  m_PrefabInternal: {fileID: 0}
  serializedVersion: 4
  m_Component:
  - 4: {fileID: 1049131076}
  - 33: {fileID: 1049131075}
  - 64: {fileID: 1049131074}
  - 23: {fileID: 1049131073}
  m_Layer: 0
  m_Name: Plane
  m_TagString: Untagged
  m_Icon: {fileID: 0}
  m_NavMeshLayer: 0
  m_StaticEditorFlags: 0
  m_IsActive: 1
--- !u!23 &1049131073
MeshRenderer:
  m_ObjectHideFlags: 0
  m_PrefabParentObject: {fileID: 2364228, guid: 139ba594de9e5483ebe80d4de1fd1de8,
    type: 2}
  m_PrefabInternal: {fileID: 1199601780}
  m_GameObject: {fileID: 1049131072}
  m_Enabled: 1
  m_CastShadows: 1
  m_ReceiveShadows: 1
  m_Materials:
  - {fileID: 2100000, guid: 9cab21a859d814884ba3c5538651e7f8, type: 2}
  m_SubsetIndices: 
  m_StaticBatchRoot: {fileID: 0}
  m_UseLightProbes: 1
  m_ReflectionProbeUsage: 1
  m_ProbeAnchor: {fileID: 0}
  m_ScaleInLightmap: 1
  m_PreserveUVs: 1
  m_IgnoreNormalsForChartDetection: 0
  m_ImportantGI: 0
  m_MinimumChartSize: 4
  m_AutoUVMaxDistance: 0.5
  m_AutoUVMaxAngle: 89
  m_LightmapParameters: {fileID: 0}
  m_SortingLayerID: 0
  m_SortingOrder: 0
--- !u!64 &1049131074
MeshCollider:
  m_ObjectHideFlags: 0
  m_PrefabParentObject: {fileID: 6409714, guid: 139ba594de9e5483ebe80d4de1fd1de8,
    type: 2}
  m_PrefabInternal: {fileID: 1199601780}
  m_GameObject: {fileID: 1049131072}
  m_Material: {fileID: 0}
  m_IsTrigger: 0
  m_Enabled: 1
  serializedVersion: 2
  m_Convex: 0
  m_Mesh: {fileID: 10209, guid: 0000000000000000e000000000000000, type: 0}
--- !u!33 &1049131075
MeshFilter:
  m_ObjectHideFlags: 0
  m_PrefabParentObject: {fileID: 3344608, guid: 139ba594de9e5483ebe80d4de1fd1de8,
    type: 2}
  m_PrefabInternal: {fileID: 1199601780}
  m_GameObject: {fileID: 1049131072}
  m_Mesh: {fileID: 10209, guid: 0000000000000000e000000000000000, type: 0}
--- !u!4 &1049131076
Transform:
  m_ObjectHideFlags: 0
  m_PrefabParentObject: {fileID: 408170, guid: 139ba594de9e5483ebe80d4de1fd1de8, type: 2}
  m_PrefabInternal: {fileID: 1199601780}
  m_GameObject: {fileID: 1049131072}
  m_LocalRotation: {x: 0, y: 0, z: 0, w: 1}
  m_LocalPosition: {x: 0, y: 0, z: 0}
  m_LocalScale: {x: 10, y: 1, z: 10}
  m_Children: []
  m_Father: {fileID: 0}
  m_RootOrder: 2
--- !u!1001 &1199601780
Prefab:
  m_ObjectHideFlags: 0
  serializedVersion: 2
  m_Modification:
    m_TransformParent: {fileID: 0}
    m_Modifications:
    - target: {fileID: 408170, guid: 139ba594de9e5483ebe80d4de1fd1de8, type: 2}
      propertyPath: m_LocalPosition.x
      value: 0
      objectReference: {fileID: 0}
    - target: {fileID: 408170, guid: 139ba594de9e5483ebe80d4de1fd1de8, type: 2}
      propertyPath: m_LocalPosition.y
      value: 0
      objectReference: {fileID: 0}
    - target: {fileID: 408170, guid: 139ba594de9e5483ebe80d4de1fd1de8, type: 2}
      propertyPath: m_LocalPosition.z
      value: 0
      objectReference: {fileID: 0}
    - target: {fileID: 408170, guid: 139ba594de9e5483ebe80d4de1fd1de8, type: 2}
      propertyPath: m_LocalRotation.x
      value: 0
      objectReference: {fileID: 0}
    - target: {fileID: 408170, guid: 139ba594de9e5483ebe80d4de1fd1de8, type: 2}
      propertyPath: m_LocalRotation.y
      value: 0
      objectReference: {fileID: 0}
    - target: {fileID: 408170, guid: 139ba594de9e5483ebe80d4de1fd1de8, type: 2}
      propertyPath: m_LocalRotation.z
      value: 0
      objectReference: {fileID: 0}
    - target: {fileID: 408170, guid: 139ba594de9e5483ebe80d4de1fd1de8, type: 2}
      propertyPath: m_LocalRotation.w
      value: 1
      objectReference: {fileID: 0}
    - target: {fileID: 408170, guid: 139ba594de9e5483ebe80d4de1fd1de8, type: 2}
      propertyPath: m_RootOrder
      value: 2
      objectReference: {fileID: 0}
    - target: {fileID: 408170, guid: 139ba594de9e5483ebe80d4de1fd1de8, type: 2}
      propertyPath: m_LocalScale.x
      value: 10
      objectReference: {fileID: 0}
    - target: {fileID: 408170, guid: 139ba594de9e5483ebe80d4de1fd1de8, type: 2}
      propertyPath: m_LocalScale.z
      value: 10
      objectReference: {fileID: 0}
    m_RemovedComponents: []
  m_ParentPrefab: {fileID: 100100000, guid: 139ba594de9e5483ebe80d4de1fd1de8, type: 2}
  m_RootGameObject: {fileID: 1049131072}
  m_IsPrefabParent: 0
--- !u!1 &1331217758
GameObject:
  m_ObjectHideFlags: 0
  m_PrefabParentObject: {fileID: 136474, guid: 317f4da628e4c443fa7542455fc40825, type: 2}
  m_PrefabInternal: {fileID: 0}
  serializedVersion: 4
  m_Component:
  - 4: {fileID: 1331217759}
  - 33: {fileID: 1331217762}
  - 65: {fileID: 1331217761}
  - 23: {fileID: 1331217760}
  m_Layer: 0
  m_Name: RoadInGraphics
  m_TagString: Untagged
  m_Icon: {fileID: 0}
  m_NavMeshLayer: 0
  m_StaticEditorFlags: 0
  m_IsActive: 1
--- !u!4 &1331217759
Transform:
  m_ObjectHideFlags: 0
  m_PrefabParentObject: {fileID: 401200, guid: 317f4da628e4c443fa7542455fc40825, type: 2}
  m_PrefabInternal: {fileID: 0}
  m_GameObject: {fileID: 1331217758}
  m_LocalRotation: {x: 0, y: 0, z: 0, w: 1}
  m_LocalPosition: {x: 0, y: 0.1, z: 0.5}
  m_LocalScale: {x: 1, y: 0.1, z: 1}
  m_Children: []
  m_Father: {fileID: 1593536603}
  m_RootOrder: 0
--- !u!23 &1331217760
MeshRenderer:
  m_ObjectHideFlags: 0
  m_PrefabParentObject: {fileID: 2337686, guid: 317f4da628e4c443fa7542455fc40825,
    type: 2}
  m_PrefabInternal: {fileID: 0}
  m_GameObject: {fileID: 1331217758}
  m_Enabled: 1
  m_CastShadows: 1
  m_ReceiveShadows: 1
  m_Materials:
  - {fileID: 2100000, guid: 3b3559f067daa4b06b7a060946809379, type: 2}
  m_SubsetIndices: 
  m_StaticBatchRoot: {fileID: 0}
  m_UseLightProbes: 1
  m_ReflectionProbeUsage: 1
  m_ProbeAnchor: {fileID: 0}
  m_ScaleInLightmap: 1
  m_PreserveUVs: 1
  m_IgnoreNormalsForChartDetection: 0
  m_ImportantGI: 0
  m_MinimumChartSize: 4
  m_AutoUVMaxDistance: 0.5
  m_AutoUVMaxAngle: 89
  m_LightmapParameters: {fileID: 0}
  m_SortingLayerID: 0
  m_SortingOrder: 0
--- !u!65 &1331217761
BoxCollider:
  m_ObjectHideFlags: 0
  m_PrefabParentObject: {fileID: 6585424, guid: 317f4da628e4c443fa7542455fc40825,
    type: 2}
  m_PrefabInternal: {fileID: 0}
  m_GameObject: {fileID: 1331217758}
  m_Material: {fileID: 0}
  m_IsTrigger: 0
  m_Enabled: 1
  serializedVersion: 2
  m_Size: {x: 1, y: 1, z: 1}
  m_Center: {x: 0, y: 0, z: 0}
--- !u!33 &1331217762
MeshFilter:
  m_ObjectHideFlags: 0
  m_PrefabParentObject: {fileID: 3398356, guid: 317f4da628e4c443fa7542455fc40825,
    type: 2}
  m_PrefabInternal: {fileID: 0}
  m_GameObject: {fileID: 1331217758}
  m_Mesh: {fileID: 10202, guid: 0000000000000000e000000000000000, type: 0}
--- !u!1 &1358017549
GameObject:
  m_ObjectHideFlags: 0
  m_PrefabParentObject: {fileID: 128940, guid: 317f4da628e4c443fa7542455fc40825, type: 2}
  m_PrefabInternal: {fileID: 0}
  serializedVersion: 4
  m_Component:
  - 4: {fileID: 1358017550}
  m_Layer: 0
  m_Name: Lanes
  m_TagString: Untagged
  m_Icon: {fileID: 0}
  m_NavMeshLayer: 0
  m_StaticEditorFlags: 0
  m_IsActive: 1
--- !u!4 &1358017550
Transform:
  m_ObjectHideFlags: 0
  m_PrefabParentObject: {fileID: 413408, guid: 317f4da628e4c443fa7542455fc40825, type: 2}
  m_PrefabInternal: {fileID: 0}
  m_GameObject: {fileID: 1358017549}
  m_LocalRotation: {x: 0, y: 0, z: 0, w: 1}
  m_LocalPosition: {x: 0, y: 0, z: 0}
  m_LocalScale: {x: 1, y: 1, z: 1}
  m_Children: []
  m_Father: {fileID: 341936250}
  m_RootOrder: 1
--- !u!1 &1376423757
GameObject:
  m_ObjectHideFlags: 0
  m_PrefabParentObject: {fileID: 0}
  m_PrefabInternal: {fileID: 0}
  serializedVersion: 4
  m_Component:
  - 4: {fileID: 1376423758}
  - 33: {fileID: 1376423761}
  - 65: {fileID: 1376423760}
  - 23: {fileID: 1376423759}
  m_Layer: 0
  m_Name: TrafficLightsGraphics
  m_TagString: Untagged
  m_Icon: {fileID: 0}
  m_NavMeshLayer: 0
  m_StaticEditorFlags: 0
  m_IsActive: 1
--- !u!4 &1376423758
Transform:
  m_ObjectHideFlags: 0
  m_PrefabParentObject: {fileID: 0}
  m_PrefabInternal: {fileID: 0}
  m_GameObject: {fileID: 1376423757}
  m_LocalRotation: {x: 0, y: 0, z: 0, w: 1}
  m_LocalPosition: {x: 0, y: 0, z: 0}
  m_LocalScale: {x: 1, y: 1, z: 1}
  m_Children: []
  m_Father: {fileID: 397917302}
  m_RootOrder: 0
--- !u!23 &1376423759
MeshRenderer:
  m_ObjectHideFlags: 0
  m_PrefabParentObject: {fileID: 0}
  m_PrefabInternal: {fileID: 0}
  m_GameObject: {fileID: 1376423757}
  m_Enabled: 1
  m_CastShadows: 1
  m_ReceiveShadows: 1
  m_Materials:
  - {fileID: 10303, guid: 0000000000000000f000000000000000, type: 0}
  m_SubsetIndices: 
  m_StaticBatchRoot: {fileID: 0}
  m_UseLightProbes: 1
  m_ReflectionProbeUsage: 1
  m_ProbeAnchor: {fileID: 0}
  m_ScaleInLightmap: 1
  m_PreserveUVs: 1
  m_IgnoreNormalsForChartDetection: 0
  m_ImportantGI: 0
  m_MinimumChartSize: 4
  m_AutoUVMaxDistance: 0.5
  m_AutoUVMaxAngle: 89
  m_LightmapParameters: {fileID: 0}
  m_SortingLayerID: 0
  m_SortingOrder: 0
--- !u!65 &1376423760
BoxCollider:
  m_ObjectHideFlags: 0
  m_PrefabParentObject: {fileID: 0}
  m_PrefabInternal: {fileID: 0}
  m_GameObject: {fileID: 1376423757}
  m_Material: {fileID: 0}
  m_IsTrigger: 0
  m_Enabled: 1
  serializedVersion: 2
  m_Size: {x: 1, y: 1, z: 1}
  m_Center: {x: 0, y: 0, z: 0}
--- !u!33 &1376423761
MeshFilter:
  m_ObjectHideFlags: 0
  m_PrefabParentObject: {fileID: 0}
  m_PrefabInternal: {fileID: 0}
  m_GameObject: {fileID: 1376423757}
  m_Mesh: {fileID: 10202, guid: 0000000000000000e000000000000000, type: 0}
--- !u!1 &1403490325
GameObject:
  m_ObjectHideFlags: 0
  m_PrefabParentObject: {fileID: 155868, guid: 317f4da628e4c443fa7542455fc40825, type: 2}
  m_PrefabInternal: {fileID: 0}
  serializedVersion: 4
  m_Component:
  - 4: {fileID: 1403490326}
  m_Layer: 0
  m_Name: Lanes
  m_TagString: Untagged
  m_Icon: {fileID: 0}
  m_NavMeshLayer: 0
  m_StaticEditorFlags: 0
  m_IsActive: 1
--- !u!4 &1403490326
Transform:
  m_ObjectHideFlags: 0
  m_PrefabParentObject: {fileID: 479684, guid: 317f4da628e4c443fa7542455fc40825, type: 2}
  m_PrefabInternal: {fileID: 0}
  m_GameObject: {fileID: 1403490325}
  m_LocalRotation: {x: 0, y: 0, z: 0, w: 1}
  m_LocalPosition: {x: 0, y: 0, z: 0}
  m_LocalScale: {x: 1, y: 1, z: 1}
  m_Children: []
  m_Father: {fileID: 1669742154}
  m_RootOrder: 1
--- !u!1 &1514488247
GameObject:
  m_ObjectHideFlags: 0
  m_PrefabParentObject: {fileID: 148746, guid: 317f4da628e4c443fa7542455fc40825, type: 2}
  m_PrefabInternal: {fileID: 0}
  serializedVersion: 4
  m_Component:
  - 4: {fileID: 1514488248}
  - 33: {fileID: 1514488251}
  - 65: {fileID: 1514488250}
  - 23: {fileID: 1514488249}
  m_Layer: 0
  m_Name: RoadOutGraphics
  m_TagString: Untagged
  m_Icon: {fileID: 0}
  m_NavMeshLayer: 0
  m_StaticEditorFlags: 0
  m_IsActive: 1
--- !u!4 &1514488248
Transform:
  m_ObjectHideFlags: 0
  m_PrefabParentObject: {fileID: 496922, guid: 317f4da628e4c443fa7542455fc40825, type: 2}
  m_PrefabInternal: {fileID: 0}
  m_GameObject: {fileID: 1514488247}
  m_LocalRotation: {x: 0, y: 0, z: 0, w: 1}
  m_LocalPosition: {x: 0, y: 0.1, z: 0.5}
  m_LocalScale: {x: 1, y: 0.1, z: 1}
  m_Children: []
  m_Father: {fileID: 39310855}
  m_RootOrder: 0
--- !u!23 &1514488249
MeshRenderer:
  m_ObjectHideFlags: 0
  m_PrefabParentObject: {fileID: 2333422, guid: 317f4da628e4c443fa7542455fc40825,
    type: 2}
  m_PrefabInternal: {fileID: 0}
  m_GameObject: {fileID: 1514488247}
  m_Enabled: 1
  m_CastShadows: 1
  m_ReceiveShadows: 1
  m_Materials:
  - {fileID: 2100000, guid: 3b3559f067daa4b06b7a060946809379, type: 2}
  m_SubsetIndices: 
  m_StaticBatchRoot: {fileID: 0}
  m_UseLightProbes: 1
  m_ReflectionProbeUsage: 1
  m_ProbeAnchor: {fileID: 0}
  m_ScaleInLightmap: 1
  m_PreserveUVs: 1
  m_IgnoreNormalsForChartDetection: 0
  m_ImportantGI: 0
  m_MinimumChartSize: 4
  m_AutoUVMaxDistance: 0.5
  m_AutoUVMaxAngle: 89
  m_LightmapParameters: {fileID: 0}
  m_SortingLayerID: 0
  m_SortingOrder: 0
--- !u!65 &1514488250
BoxCollider:
  m_ObjectHideFlags: 0
  m_PrefabParentObject: {fileID: 6518964, guid: 317f4da628e4c443fa7542455fc40825,
    type: 2}
  m_PrefabInternal: {fileID: 0}
  m_GameObject: {fileID: 1514488247}
  m_Material: {fileID: 0}
  m_IsTrigger: 0
  m_Enabled: 1
  serializedVersion: 2
  m_Size: {x: 1, y: 1, z: 1}
  m_Center: {x: 0, y: 0, z: 0}
--- !u!33 &1514488251
MeshFilter:
  m_ObjectHideFlags: 0
  m_PrefabParentObject: {fileID: 3342716, guid: 317f4da628e4c443fa7542455fc40825,
    type: 2}
  m_PrefabInternal: {fileID: 0}
  m_GameObject: {fileID: 1514488247}
  m_Mesh: {fileID: 10202, guid: 0000000000000000e000000000000000, type: 0}
--- !u!1 &1593536602
GameObject:
  m_ObjectHideFlags: 0
  m_PrefabParentObject: {fileID: 168574, guid: 317f4da628e4c443fa7542455fc40825, type: 2}
  m_PrefabInternal: {fileID: 0}
  serializedVersion: 4
  m_Component:
  - 4: {fileID: 1593536603}
  m_Layer: 0
  m_Name: RoadInModel
  m_TagString: Untagged
  m_Icon: {fileID: 0}
  m_NavMeshLayer: 0
  m_StaticEditorFlags: 0
  m_IsActive: 1
--- !u!4 &1593536603
Transform:
  m_ObjectHideFlags: 0
  m_PrefabParentObject: {fileID: 498316, guid: 317f4da628e4c443fa7542455fc40825, type: 2}
  m_PrefabInternal: {fileID: 0}
  m_GameObject: {fileID: 1593536602}
  m_LocalRotation: {x: 0, y: 0, z: 0, w: 1}
  m_LocalPosition: {x: 0, y: 0, z: 0}
  m_LocalScale: {x: 1, y: 1, z: 20}
  m_Children:
  - {fileID: 1331217759}
  m_Father: {fileID: 341936250}
  m_RootOrder: 0
--- !u!1 &1669742151
GameObject:
  m_ObjectHideFlags: 0
  m_PrefabParentObject: {fileID: 124928, guid: 317f4da628e4c443fa7542455fc40825, type: 2}
  m_PrefabInternal: {fileID: 0}
  serializedVersion: 4
  m_Component:
  - 4: {fileID: 1669742154}
  - 114: {fileID: 1669742152}
  m_Layer: 0
  m_Name: RoadOut
  m_TagString: Untagged
  m_Icon: {fileID: 0}
  m_NavMeshLayer: 0
  m_StaticEditorFlags: 0
  m_IsActive: 1
--- !u!114 &1669742152
MonoBehaviour:
  m_ObjectHideFlags: 0
  m_PrefabParentObject: {fileID: 11430470, guid: 317f4da628e4c443fa7542455fc40825,
    type: 2}
  m_PrefabInternal: {fileID: 0}
  m_GameObject: {fileID: 1669742151}
  m_Enabled: 1
  m_EditorHideFlags: 0
  m_Script: {fileID: 11500000, guid: 48db75009557943aeaf8956df9b5f96b, type: 3}
  m_Name: 
  m_EditorClassIdentifier: 
  laneOutPrefab: {fileID: 0}
  trafficLightsPrefab: {fileID: 0}
  theTrafficLights: {fileID: 0}
--- !u!4 &1669742154
Transform:
  m_ObjectHideFlags: 0
  m_PrefabParentObject: {fileID: 447918, guid: 317f4da628e4c443fa7542455fc40825, type: 2}
  m_PrefabInternal: {fileID: 0}
  m_GameObject: {fileID: 1669742151}
  m_LocalRotation: {x: 0, y: 0, z: 0, w: 1}
  m_LocalPosition: {x: 0, y: 0, z: 0}
  m_LocalScale: {x: 1, y: 1, z: 1}
  m_Children:
  - {fileID: 39310855}
  - {fileID: 1403490326}
  - {fileID: 564638222}
  m_Father: {fileID: 673058064}
  m_RootOrder: 2
--- !u!1 &1693898518
GameObject:
  m_ObjectHideFlags: 0
  m_PrefabParentObject: {fileID: 131764, guid: 317f4da628e4c443fa7542455fc40825, type: 2}
  m_PrefabInternal: {fileID: 0}
  serializedVersion: 4
  m_Component:
  - 4: {fileID: 1693898519}
  m_Layer: 0
  m_Name: JunctionSides
  m_TagString: Untagged
  m_Icon: {fileID: 0}
  m_NavMeshLayer: 0
  m_StaticEditorFlags: 0
  m_IsActive: 1
--- !u!4 &1693898519
Transform:
  m_ObjectHideFlags: 0
  m_PrefabParentObject: {fileID: 403630, guid: 317f4da628e4c443fa7542455fc40825, type: 2}
  m_PrefabInternal: {fileID: 0}
  m_GameObject: {fileID: 1693898518}
  m_LocalRotation: {x: 0, y: 0, z: 0, w: 1}
  m_LocalPosition: {x: 0, y: 0, z: 0}
  m_LocalScale: {x: 1, y: 1, z: 1}
  m_Children: []
  m_Father: {fileID: 572684114}
  m_RootOrder: 1
--- !u!1 &1737525554
GameObject:
  m_ObjectHideFlags: 0
  m_PrefabParentObject: {fileID: 144600, guid: 317f4da628e4c443fa7542455fc40825, type: 2}
  m_PrefabInternal: {fileID: 0}
  serializedVersion: 4
  m_Component:
  - 4: {fileID: 1737525555}
  m_Layer: 0
  m_Name: Paths
  m_TagString: Untagged
  m_Icon: {fileID: 0}
  m_NavMeshLayer: 0
  m_StaticEditorFlags: 0
  m_IsActive: 1
--- !u!4 &1737525555
Transform:
  m_ObjectHideFlags: 0
  m_PrefabParentObject: {fileID: 494558, guid: 317f4da628e4c443fa7542455fc40825, type: 2}
  m_PrefabInternal: {fileID: 0}
  m_GameObject: {fileID: 1737525554}
  m_LocalRotation: {x: 0, y: 0, z: 0, w: 1}
  m_LocalPosition: {x: 0, y: 0, z: 0}
  m_LocalScale: {x: 1, y: 1, z: 1}
  m_Children: []
  m_Father: {fileID: 412724268}
  m_RootOrder: 1
--- !u!1 &1841353208
GameObject:
  m_ObjectHideFlags: 0
  m_PrefabParentObject: {fileID: 176234, guid: 317f4da628e4c443fa7542455fc40825, type: 2}
  m_PrefabInternal: {fileID: 0}
  serializedVersion: 4
  m_Component:
  - 4: {fileID: 1841353209}
  - 33: {fileID: 1841353212}
  - 65: {fileID: 1841353211}
  - 23: {fileID: 1841353210}
  m_Layer: 0
  m_Name: JunctionSideGraphics
  m_TagString: Untagged
  m_Icon: {fileID: 0}
  m_NavMeshLayer: 0
  m_StaticEditorFlags: 0
  m_IsActive: 1
--- !u!4 &1841353209
Transform:
  m_ObjectHideFlags: 0
  m_PrefabParentObject: {fileID: 425872, guid: 317f4da628e4c443fa7542455fc40825, type: 2}
  m_PrefabInternal: {fileID: 0}
  m_GameObject: {fileID: 1841353208}
  m_LocalRotation: {x: 0, y: 0, z: 0, w: 1}
  m_LocalPosition: {x: 0, y: 0, z: 0.5}
  m_LocalScale: {x: 1, y: 0.1, z: 1}
  m_Children: []
  m_Father: {fileID: 904847163}
  m_RootOrder: 0
--- !u!23 &1841353210
MeshRenderer:
  m_ObjectHideFlags: 0
  m_PrefabParentObject: {fileID: 2340400, guid: 317f4da628e4c443fa7542455fc40825,
    type: 2}
  m_PrefabInternal: {fileID: 0}
  m_GameObject: {fileID: 1841353208}
  m_Enabled: 0
  m_CastShadows: 1
  m_ReceiveShadows: 1
  m_Materials:
  - {fileID: 2100000, guid: ae8f53bd600d0466b8f13370cf53a259, type: 2}
  m_SubsetIndices: 
  m_StaticBatchRoot: {fileID: 0}
  m_UseLightProbes: 1
  m_ReflectionProbeUsage: 1
  m_ProbeAnchor: {fileID: 0}
  m_ScaleInLightmap: 1
  m_PreserveUVs: 1
  m_IgnoreNormalsForChartDetection: 0
  m_ImportantGI: 0
  m_MinimumChartSize: 4
  m_AutoUVMaxDistance: 0.5
  m_AutoUVMaxAngle: 89
  m_LightmapParameters: {fileID: 0}
  m_SortingLayerID: 0
  m_SortingOrder: 0
--- !u!65 &1841353211
BoxCollider:
  m_ObjectHideFlags: 0
  m_PrefabParentObject: {fileID: 6545092, guid: 317f4da628e4c443fa7542455fc40825,
    type: 2}
  m_PrefabInternal: {fileID: 0}
  m_GameObject: {fileID: 1841353208}
  m_Material: {fileID: 0}
  m_IsTrigger: 0
  m_Enabled: 1
  serializedVersion: 2
  m_Size: {x: 1, y: 1, z: 1}
  m_Center: {x: 0, y: 0, z: 0}
--- !u!33 &1841353212
MeshFilter:
  m_ObjectHideFlags: 0
  m_PrefabParentObject: {fileID: 3348254, guid: 317f4da628e4c443fa7542455fc40825,
    type: 2}
  m_PrefabInternal: {fileID: 0}
  m_GameObject: {fileID: 1841353208}
  m_Mesh: {fileID: 10202, guid: 0000000000000000e000000000000000, type: 0}
--- !u!1 &1930203106
GameObject:
  m_ObjectHideFlags: 0
  m_PrefabParentObject: {fileID: 110166, guid: 317f4da628e4c443fa7542455fc40825, type: 2}
  m_PrefabInternal: {fileID: 0}
  serializedVersion: 4
  m_Component:
  - 4: {fileID: 148354627}
  - 33: {fileID: 1930203109}
  - 65: {fileID: 1930203108}
  - 23: {fileID: 1930203107}
  m_Layer: 0
  m_Name: Path
  m_TagString: Untagged
  m_Icon: {fileID: 0}
  m_NavMeshLayer: 0
  m_StaticEditorFlags: 0
  m_IsActive: 1
--- !u!23 &1930203107
MeshRenderer:
  m_ObjectHideFlags: 0
  m_PrefabParentObject: {fileID: 2392322, guid: 317f4da628e4c443fa7542455fc40825,
    type: 2}
  m_PrefabInternal: {fileID: 0}
  m_GameObject: {fileID: 1930203106}
  m_Enabled: 1
  m_CastShadows: 1
  m_ReceiveShadows: 1
  m_Materials:
  - {fileID: 2100000, guid: ae8f53bd600d0466b8f13370cf53a259, type: 2}
  m_SubsetIndices: 
  m_StaticBatchRoot: {fileID: 0}
  m_UseLightProbes: 1
  m_ReflectionProbeUsage: 1
  m_ProbeAnchor: {fileID: 0}
  m_ScaleInLightmap: 1
  m_PreserveUVs: 1
  m_IgnoreNormalsForChartDetection: 0
  m_ImportantGI: 0
  m_MinimumChartSize: 4
  m_AutoUVMaxDistance: 0.5
  m_AutoUVMaxAngle: 89
  m_LightmapParameters: {fileID: 0}
  m_SortingLayerID: 0
  m_SortingOrder: 0
--- !u!65 &1930203108
BoxCollider:
  m_ObjectHideFlags: 0
  m_PrefabParentObject: {fileID: 6523464, guid: 317f4da628e4c443fa7542455fc40825,
    type: 2}
  m_PrefabInternal: {fileID: 0}
  m_GameObject: {fileID: 1930203106}
  m_Material: {fileID: 0}
  m_IsTrigger: 0
  m_Enabled: 1
  serializedVersion: 2
  m_Size: {x: 1, y: 1, z: 1}
  m_Center: {x: 0, y: 0, z: 0}
--- !u!33 &1930203109
MeshFilter:
  m_ObjectHideFlags: 0
  m_PrefabParentObject: {fileID: 3394892, guid: 317f4da628e4c443fa7542455fc40825,
    type: 2}
  m_PrefabInternal: {fileID: 0}
  m_GameObject: {fileID: 1930203106}
  m_Mesh: {fileID: 10202, guid: 0000000000000000e000000000000000, type: 0}
--- !u!1 &1936586006
GameObject:
  m_ObjectHideFlags: 0
  m_PrefabParentObject: {fileID: 0}
  m_PrefabInternal: {fileID: 0}
  serializedVersion: 4
  m_Component:
  - 4: {fileID: 1936586011}
  - 20: {fileID: 1936586010}
  - 92: {fileID: 1936586009}
  - 124: {fileID: 1936586008}
  - 81: {fileID: 1936586007}
  m_Layer: 0
  m_Name: Main Camera
  m_TagString: MainCamera
  m_Icon: {fileID: 0}
  m_NavMeshLayer: 0
  m_StaticEditorFlags: 0
  m_IsActive: 1
--- !u!81 &1936586007
AudioListener:
  m_ObjectHideFlags: 0
  m_PrefabParentObject: {fileID: 0}
  m_PrefabInternal: {fileID: 0}
  m_GameObject: {fileID: 1936586006}
  m_Enabled: 1
--- !u!124 &1936586008
Behaviour:
  m_ObjectHideFlags: 0
  m_PrefabParentObject: {fileID: 0}
  m_PrefabInternal: {fileID: 0}
  m_GameObject: {fileID: 1936586006}
  m_Enabled: 1
--- !u!92 &1936586009
Behaviour:
  m_ObjectHideFlags: 0
  m_PrefabParentObject: {fileID: 0}
  m_PrefabInternal: {fileID: 0}
  m_GameObject: {fileID: 1936586006}
  m_Enabled: 1
--- !u!20 &1936586010
Camera:
  m_ObjectHideFlags: 0
  m_PrefabParentObject: {fileID: 0}
  m_PrefabInternal: {fileID: 0}
  m_GameObject: {fileID: 1936586006}
  m_Enabled: 1
  serializedVersion: 2
  m_ClearFlags: 2
  m_BackGroundColor: {r: 0.19215687, g: 0.3019608, b: 0.4745098, a: 0.019607844}
  m_NormalizedViewPortRect:
    serializedVersion: 2
    x: 0
    y: 0
    width: 1
    height: 1
  near clip plane: 0.3
  far clip plane: 1000
  field of view: 57
  orthographic: 0
  orthographic size: 5
  m_Depth: -1
  m_CullingMask:
    serializedVersion: 2
    m_Bits: 4294967295
  m_RenderingPath: -1
  m_TargetTexture: {fileID: 0}
  m_TargetDisplay: 0
  m_TargetEye: 3
  m_HDR: 0
  m_OcclusionCulling: 1
  m_StereoConvergence: 10
  m_StereoSeparation: 0.022
  m_StereoMirrorMode: 0
--- !u!4 &1936586011
Transform:
  m_ObjectHideFlags: 0
  m_PrefabParentObject: {fileID: 0}
  m_PrefabInternal: {fileID: 0}
  m_GameObject: {fileID: 1936586006}
  m_LocalRotation: {x: 0.7071068, y: 0, z: 0, w: 0.7071067}
  m_LocalPosition: {x: 0, y: 10, z: -0}
  m_LocalScale: {x: 1, y: 1, z: 1}
  m_Children: []
  m_Father: {fileID: 0}
  m_RootOrder: 0
--- !u!1 &1995854867
GameObject:
  m_ObjectHideFlags: 0
  m_PrefabParentObject: {fileID: 0}
  m_PrefabInternal: {fileID: 0}
  serializedVersion: 4
  m_Component:
  - 4: {fileID: 1995854868}
  m_Layer: 0
  m_Name: TrafficLights
  m_TagString: Untagged
  m_Icon: {fileID: 0}
  m_NavMeshLayer: 0
  m_StaticEditorFlags: 0
  m_IsActive: 1
--- !u!4 &1995854868
Transform:
  m_ObjectHideFlags: 0
  m_PrefabParentObject: {fileID: 0}
  m_PrefabInternal: {fileID: 0}
  m_GameObject: {fileID: 1995854867}
  m_LocalRotation: {x: 0, y: 0, z: 0, w: 1}
  m_LocalPosition: {x: 0, y: 0, z: 0}
  m_LocalScale: {x: 1, y: 1, z: 1}
  m_Children: []
  m_Father: {fileID: 341936250}
  m_RootOrder: 2
--- !u!1 &2121614861
GameObject:
  m_ObjectHideFlags: 0
  m_PrefabParentObject: {fileID: 0}
  m_PrefabInternal: {fileID: 0}
  serializedVersion: 4
  m_Component:
  - 4: {fileID: 2121614862}
  m_Layer: 0
  m_Name: Lights
  m_TagString: Untagged
  m_Icon: {fileID: 0}
  m_NavMeshLayer: 0
  m_StaticEditorFlags: 0
  m_IsActive: 1
--- !u!4 &2121614862
Transform:
  m_ObjectHideFlags: 0
  m_PrefabParentObject: {fileID: 0}
  m_PrefabInternal: {fileID: 0}
  m_GameObject: {fileID: 2121614861}
  m_LocalRotation: {x: 0, y: 0, z: 0, w: 1}
  m_LocalPosition: {x: 0, y: 0, z: 0}
  m_LocalScale: {x: 1, y: 1, z: 1}
  m_Children: []
  m_Father: {fileID: 481877551}
  m_RootOrder: 1
